@misc{ITM,
author = {ITM},
 editor = {{ITM Power}},
 title = {ITM Power Products '21},
 url = {https://www.itm-power.com/products},
 lastchecked = {20.20.2021},
 originalyear = {01.01.2020}
}

@misc{Nel,
author = {Nel},
 editor = {{Nel Hydrogen}},
 title = {Nel Hydrogen Products '21},
 url = {https://nelhydrogen.com/products/},
 lastchecked = {20.20.2021},
 originalyear = {01.01.2020}
}

@misc{Enapter,
author = {Enapter},
 editor = {{Enapter El}},
 title = {Enapter Electrolyser '21},
 url = {https://www.enapter.com/electrolyser},
 lastchecked = {20.20.2021},
 originalyear = {01.01.2020}
}


@misc{QL500,
author = {Fuel Cell Store},
 editor = {{FCS}},
 title = {Ql 500 PEM Hydrogen Generator '21},
 url = {https://www.fuelcellstore.com/pem-hydrogen-generator-ql-500?search=ql%20500},
 lastchecked = {20.20.2021},
 originalyear = {01.01.2020}
}

